<?xml version="1.0" encoding="UTF-8" standalone="yes"?><Document xmlns="urn:iso:std:iso:20022:tech:xsd:pain.001.001.03" xmlns:xsi="http://www.w3.org/2001/XMLSchema-instance"><CstmrCdtTrfInitn><GrpHdr><MsgId>20230208PRUEB</MsgId><CreDtTm>2023-02-17T09:24:34</CreDtTm><NbOfTxs>        2</NbOfTxs><CtrlSum>1442325,00</CtrlSum><InitgPty><Nm>Vidrio Andino S.A.S.</Nm></InitgPty></GrpHdr><PmtInf><PmtInfId>20230208PRUEB0000101184</PmtInfId><PmtMtd>TRF</PmtMtd><NbOfTxs>2</NbOfTxs><CtrlSum>1442325,00</CtrlSum><PmtTpInf><CtgyPurp><Prtry>GSCF</Prtry></CtgyPurp></PmtTpInf><ReqdExctnDt>2018-09-20</ReqdExctnDt><Dbtr><Nm>Vidrio Andino S.A.S.</Nm><Id><OrgId><Othr><Id>138000069003</Id><SchmeNm><Cd>TXID</Cd></SchmeNm></Othr></OrgId></Id></Dbtr><DbtrAcct><Id><Othr><Id>401610100</Id></Othr></Id></DbtrAcct><DbtrAgt><FinInstnId><BIC>33EJM</BIC></FinInstnId></DbtrAgt><CdtTrfTxInf><PmtId><InstrId>52000456372018</InstrId><InstrId>00001011845200045637</InstrId></PmtId><Amt><InstdAmt Ccy="COP">238665,00</InstdAmt></Amt><Cdtr><Nm>PINZUAR LIMITADA</Nm><Id><OrgId><Othr><Id>8000069003</Id></Othr></OrgId></Id><CtctDtls><EmailAdr>comercial3@pinzuar.com.co</EmailAdr></CtctDtls></Cdtr><RmtInf><Strd><RfrdDocInf><Tp><CdOrPrtry><Cd>CINV</Cd></CdOrPrtry></Tp><Nb>62780</Nb><RltdDt>2018-06-15</RltdDt></RfrdDocInf><RfrdDocAmt><DuePyblAmt Ccy="COP">238665,00</DuePyblAmt></RfrdDocAmt></Strd></RmtInf><PmtId><InstrId>52000459772018</InstrId><InstrId>00001011845200045977</InstrId></PmtId><Amt><InstdAmt Ccy="COP">1203660,00</InstdAmt></Amt><Cdtr><Nm>PINZUAR LIMITADA</Nm><Id><OrgId><Othr><Id>8000069003</Id></Othr></OrgId></Id><CtctDtls><EmailAdr>comercial3@pinzuar.com.co</EmailAdr></CtctDtls></Cdtr><RmtInf><Strd><RfrdDocInf><Tp><CdOrPrtry><Cd>CINV</Cd></CdOrPrtry></Tp><Nb>63122</Nb><RltdDt>2018-07-10</RltdDt></RfrdDocInf><RfrdDocAmt><DuePyblAmt Ccy="COP">1203660,00</DuePyblAmt></RfrdDocAmt></Strd></RmtInf></CdtTrfTxInf></PmtInf></CstmrCdtTrfInitn></Document>
